<?xml version="1.0" encoding="UTF-8"?>
<collection
  xmlns:xsi="http://www.w3.org/2001/XMLSchema-instance"
  xsi:schemaLocation="http://www.loc.gov/MARC21/slim http://www.loc.gov/standards/marcxml/schema/MARC21slim.xsd"
  xmlns="http://www.loc.gov/MARC21/slim">

<record>
  <leader>02433ckdaa2200433 a 4500</leader>
  <controlfield tag="001">3464631</controlfield>
  <controlfield tag="005">20100226104521.0</controlfield>
  <controlfield tag="008">010430s1915    xx ||| |||||||    k|eng d</controlfield>
  <datafield tag="035" ind1=" " ind2=" ">
    <subfield code="a">(OCoLC)84291173</subfield>
  </datafield>
  <datafield tag="035" ind1=" " ind2=" ">
    <subfield code="a">(OCoLC)ocm84291173</subfield>
  </datafield>
  <datafield tag="035" ind1=" " ind2=" ">
    <subfield code="a">(CStRLIN)NYDA01-F95</subfield>
  </datafield>
  <datafield tag="035" ind1=" " ind2=" ">
    <subfield code="a">(NNC-A)11</subfield>
  </datafield>
  <datafield tag="035" ind1=" " ind2=" ">
    <subfield code="9">AAB2731AD</subfield>
  </datafield>
  <datafield tag="035" ind1=" " ind2=" ">
    <subfield code="a">(NNC)3464631</subfield>
  </datafield>
  <datafield tag="040" ind1=" " ind2=" ">
    <subfield code="a">NNC-A</subfield>
    <subfield code="c">NNC-A</subfield>
    <subfield code="e">gihc</subfield>
  </datafield>
  <datafield tag="043" ind1=" " ind2=" ">
    <subfield code="a">n-us-ca</subfield>
  </datafield>
  <datafield tag="090" ind1=" " ind2=" ">
    <subfield code="h">12/31/99 T</subfield>
  </datafield>
  <datafield tag="100" ind1="1" ind2=" ">
    <subfield code="a">Hulbert, Leroy.</subfield>
  </datafield>
  <datafield tag="240" ind1="1" ind2="0">
    <subfield code="a">Earle C. Anthony automobile showroom (Los Angeles, Calif.)</subfield>
  </datafield>
  <datafield tag="245" ind1="1" ind2="0">
    <subfield code="a">[Earle C. Anthony automobile showroom, Los Angeles, Calif.]</subfield>
    <subfield code="h">[graphic] /</subfield>
    <subfield code="c">Leroy Hulbert [photographer]; [Greene &amp; Greene, architects]</subfield>
  </datafield>
  <datafield tag="260" ind1=" " ind2=" ">
    <subfield code="c">[circa 1915]</subfield>
  </datafield>
  <datafield tag="300" ind1=" " ind2=" ">
    <subfield code="a">2 photographic prints ;</subfield>
    <subfield code="c">18 x 24.9 cm. (7 1/8 x 9 7/8 in.) or smaller, on mount 34.9 x 42.5 cm. (13 3/4 x 16 3/4 in.)</subfield>
  </datafield>
  <datafield tag="500" ind1=" " ind2=" ">
    <subfield code="a">Date of photos and image titles from: Greene &amp; Greene / Edward R. Bosley. London : Phaidon, 2000.</subfield>
  </datafield>
  <datafield tag="545" ind1=" " ind2=" ">
    <subfield code="a">Bosley dates the building to 1911.</subfield>
  </datafield>
  <datafield tag="500" ind1=" " ind2=" ">
    <subfield code="a">One photo is a gelatin silver print. The other is possibly a platinum/palladium print.</subfield>
  </datafield>
  <datafield tag="500" ind1=" " ind2=" ">
    <subfield code="a">Gelatin silver print is unsigned and not mounted. The other photo is brown toned and signed on the intermediary mount, lower right: Leroy Hulbert./Los Angeles.</subfield>
  </datafield>
  <datafield tag="561" ind1=" " ind2=" ">
    <subfield code="a">Gift made possible by Harwell Hamilton Harris. Accession number 1987.003.</subfield>
  </datafield>
  <datafield tag="580" ind1=" " ind2=" ">
    <subfield code="a">Forms part of the Greene &amp; Greene architectural drawings and photographs, Dept. of Drawings &amp; Archives, Avery Architectural and Fine Arts Library.</subfield>
  </datafield>
  <datafield tag="650" ind1=" " ind2="7">
    <subfield code="a">Automobile showrooms.</subfield>
    <subfield code="2">aat</subfield>
  </datafield>
  <datafield tag="651" ind1=" " ind2="0">
    <subfield code="a">Los Angeles (Calif.)</subfield>
  </datafield>
  <datafield tag="610" ind1="2" ind2="0">
    <subfield code="a">Earle C. Anthony automobile showroom (Los Angeles, Calif.)</subfield>
  </datafield>
  <datafield tag="655" ind1=" " ind2="7">
    <subfield code="a">Photographic prints.</subfield>
    <subfield code="2">aat</subfield>
  </datafield>
  <datafield tag="700" ind1="1" ind2=" ">
    <subfield code="a">Anthony, Earle C.</subfield>
  </datafield>
  <datafield tag="710" ind1="2" ind2=" ">
    <subfield code="a">Greene &amp; Greene.</subfield>
  </datafield>
  <datafield tag="773" ind1="0" ind2=" ">
    <subfield code="7">c2bc</subfield>
    <subfield code="a">Greene &amp; Greene.</subfield>
    <subfield code="t">Architectural drawings and papers.</subfield>
    <subfield code="w">(CStRLIN)NYDA88-A56.</subfield>
  </datafield>
  <datafield tag="789" ind1="0" ind2=" ">
    <subfield code="l">[1]</subfield>
    <subfield code="i">NYDA.1987.003.00001.</subfield>
    <subfield code="t">[View toward street, showing built-in furniture, decorative light fixtures, and tile-covered columns].</subfield>
    <subfield code="p">18 x 24.9 cm. (7 1/8 x 9 7/8 in.).</subfield>
    <subfield code="o">Signed on intermediary mount, lower right.</subfield>
  </datafield>
  <datafield tag="789" ind1="0" ind2=" ">
    <subfield code="l">[2]</subfield>
    <subfield code="i">NYDA.1987.003.00338.</subfield>
    <subfield code="t">[View of offices and wrought-iron elevator screen].</subfield>
    <subfield code="p">16.7 x 21.5 cm. (6 5/8 x 8 3/8 in.).</subfield>
    <subfield code="o">Unsigned.</subfield>
  </datafield>
  <datafield tag="852" ind1=" " ind2=" ">
    <subfield code="a">Columbia University</subfield>
    <subfield code="b">Avery Architectural and Fine Arts Library, Drawings and Archives Collection</subfield>
    <subfield code="e">1172 Amsterdam Avenue, MC 0301, New York, NY 10027.</subfield>
  </datafield>
  <datafield tag="900" ind1=" " ind2=" ">
    <subfield code="a">AUTH</subfield>
  </datafield>
</record>

</collection>